<?xml version="1.0" encoding="UTF-8"?><record xmlns="http://www.loc.gov/MARC21/slim" xmlns:cinclude="http://apache.org/cocoon/include/1.0" xmlns:zs="http://www.loc.gov/zing/srw/">
  <leader>00653cz  a2200169n  4500</leader>
  <controlfield tag="001">n  78046309 </controlfield>
  <controlfield tag="003">DLC</controlfield>
  <controlfield tag="005">20120803074952.0</controlfield>
  <controlfield tag="008">780721n| aaannaabn          |n aaa      </controlfield>
  <datafield tag="010" ind1=" " ind2=" ">
    <subfield code="a">n  78046309 </subfield>
  </datafield>
  <datafield tag="035" ind1=" " ind2=" ">
    <subfield code="a">(OCoLC)oca00182201</subfield>
  </datafield>
  <datafield tag="040" ind1=" " ind2=" ">
    <subfield code="a">DLC</subfield>
    <subfield code="b">eng</subfield>
    <subfield code="c">DLC</subfield>
    <subfield code="d">OCoLC</subfield>
    <subfield code="d">DLC</subfield>
  </datafield>
  <datafield tag="100" ind1="1" ind2=" ">
    <subfield code="a">Hempel, Werner</subfield>
  </datafield>
  <datafield tag="667" ind1=" " ind2=" ">
    <subfield code="a">THIS 1XX FIELD CANNOT BE USED UNDER RDA UNTIL THIS RECORD HAS BEEN REVIEWED AND/OR UPDATED</subfield>
  </datafield>
  <datafield tag="670" ind1=" " ind2=" ">
    <subfield code="a">Finke, K. P. Gefährdung und Verschulden ... 1978 (a.e.)</subfield>
    <subfield code="b">t.p. (Werner Hempel) cover (Wirtschaftsjurist, München)</subfield>
  </datafield>
  <datafield tag="670" ind1=" " ind2=" ">
    <subfield code="a">GFR 78-A</subfield>
    <subfield code="b">(Werner Hempel)</subfield>
  </datafield>
  <datafield tag="675" ind1=" " ind2=" ">
    <subfield code="a">Wer ist wer, 1976/77;</subfield>
    <subfield code="a">WW in Ger., 1972;</subfield>
    <subfield code="a">Kürsch. Gel. Kal., 1976.</subfield>
  </datafield>
</record>